<?xml version="1.0" encoding="UTF-8"?><collection xmlns="http://www.loc.gov/MARC21/slim"><record><leader>00345nam--2200133-i-4500</leader><controlfield tag="001">000020281</controlfield><controlfield tag="002">20161230</controlfield><controlfield tag="005">20161230201033</controlfield><controlfield tag="008">060222s1000------------r-----000-0-eng-d</controlfield><datafield ind1=" " ind2=" " tag="080"><subfield code="a">543.219</subfield></datafield><datafield ind1=" " ind2=" " tag="100"><subfield code="a">Feigl, Fritz</subfield></datafield><datafield ind1=" " ind2=" " tag="245"><subfield code="a">Spot tests in inorganic analysis</subfield></datafield><datafield ind1=" " ind2=" " tag="260"><subfield code="a">London, Elsevier Publishing Company, 1958. Xiii + 600 P</subfield></datafield><datafield ind1=" " ind2=" " tag="852"><subfield code="a">14935</subfield></datafield></record></collection>